<record xmlns="http://www.loc.gov/MARC21/slim" xmlns:xsi="http://www.w3.org/2001/XMLSchema-instance" xsi:schemaLocation="http://www.loc.gov/MARC21/slim http://www.loc.gov/standards/marcxml/schema/MARC21slim.xsd"><leader>01358nam a2200301   4500</leader><controlfield tag="001">001677057</controlfield><controlfield tag="003">NNU</controlfield><controlfield tag="006">m        d        </controlfield><controlfield tag="007">cr cn |||m|||a</controlfield><controlfield tag="008">150116s1954    ua      o     001 0 ara d</controlfield><datafield ind1=" " ind2=" " tag="040"><subfield code="a">NNU</subfield><subfield code="b">eng</subfield><subfield code="c">NNU</subfield></datafield><datafield ind1="1" ind2=" " tag="100"><subfield code="a">Ibn Qutaybah, &#699;Abd All&#257;h ibn Muslim,</subfield><subfield code="d">828-889?</subfield></datafield><datafield ind1="1" ind2="0" tag="245"><subfield code="a">Ta&#700;w&#299;l mushakil al-Qur&#700;&#257;n</subfield><subfield code="h">[electronic resource] /</subfield><subfield code="c">bi-shar&#7717; wa ta&#7717;q&#299;q A&#7717;mad &#7778;aqr.</subfield></datafield><datafield ind1=" " ind2=" " tag="260"><subfield code="a">[al-Q&#257;hirah] :</subfield><subfield code="b">&#699;&#298;s&#225; al-B&#257;b&#299; al-&#7716;alab&#299; :</subfield><subfield code="b">D&#257;r I&#7717;y&#257;&#700; al-Kutub al-&#699;Arab&#299;yyah,</subfield><subfield code="c">[1954?].</subfield></datafield><datafield ind1=" " ind2=" " tag="300"><subfield code="a">online resource (536 p.)</subfield></datafield><datafield ind1="1" ind2=" " tag="490"><subfield code="a">Maktabat Ibn Qutaybah ;</subfield><subfield code="v">1</subfield></datafield><datafield ind1=" " ind2=" " tag="500"><subfield code="a">Part of the Arabic Collections Online (ACO) project, contributed by New York Univeristy Libraries.</subfield></datafield><datafield ind1=" " ind2=" " tag="533"><subfield code="a">Electronic reproduction.</subfield><subfield code="b">New York, N.Y. :</subfield><subfield code="c">New York University,</subfield><subfield code="d">2015.</subfield><subfield code="5">NNU</subfield></datafield><datafield ind1="0" ind2="4" tag="630"><subfield code="a">Koran</subfield><subfield code="x">Commentaries</subfield><subfield code="x">Early works to 1800.</subfield></datafield><datafield ind1="0" ind2="0" tag="630"><subfield code="a">Koran</subfield><subfield code="x">Criticism, interpretation, etc.</subfield></datafield><datafield ind1="1" ind2=" " tag="700"><subfield code="a">&#7778;aqr, A&#7717;mad.</subfield></datafield><datafield ind1="2" ind2=" " tag="710"><subfield code="a">New York University.</subfield><subfield code="b">Libraries.</subfield></datafield><datafield ind1="0" ind2=" " tag="730"><subfield code="a">Arabic Collections Online.</subfield></datafield><datafield ind1="0" ind2="8" tag="776"><subfield code="i">Print version:</subfield><subfield code="a">Ibn Qutaybah, &#699;Abd All&#257;h ibn Muslim, 828-889?</subfield><subfield code="t">Ta&#700;w&#299;l mushakil al-Qur&#700;&#257;n</subfield><subfield code="w">(NNU)001677057</subfield></datafield><datafield ind1=" " ind2="0" tag="830"><subfield code="a">Maktabat Ibn Qutaybah ;</subfield><subfield code="v">1.</subfield></datafield><datafield ind1="4" ind2="0" tag="856"><subfield code="u">http://hdl.handle.net/2333.1/7sqv9vct</subfield></datafield><datafield ind1=" " ind2=" " tag="959"><subfield code="a">NNU</subfield><subfield code="b">WEB</subfield><subfield code="c">GENI</subfield><subfield code="t">0</subfield><subfield code="m">Electronic access</subfield><subfield code="s">01</subfield></datafield><datafield ind1=" " ind2=" " tag="999"><subfield code="i">NNU_001677057</subfield><subfield code="o" /><subfield code="e">(ERROR-880)</subfield></datafield></record>